@inproceedings{xiao2024comparative,
  title={Comparative analysis of LSTM, GRU, and transformer models for stock price prediction},
  author={Xiao, Jue and Deng, Tingting and Bi, Shuochen},
  booktitle={proceedings of the international conference on digital economy, blockchain and artificial intelligence},
  pages={103--108},
  year={2024}
}
@article{genot2024predictive,
  title={Predictive Modeling in Stock Market Price Forecasting: Challenging the Efficient Market Hypothesis},
  author={Genot, Sander},
  year={2024}
}
@article{ronkko2024adaptive,
  title={The adaptive markets hypothesis: Insights into small stock market efficiency},
  author={R{\"o}nkk{\"o}, Mikael and Holmi, Joonas and Niskanen, Mervi and M{\"a}tt{\"o}, Markus},
  journal={Applied Economics},
  volume={56},
  number={25},
  pages={3048--3062},
  year={2024},
  publisher={Taylor \& Francis}
}
@article{ehiedu2022efficient,
  title={Efficient market hypothesis (EMH) and the Nigerian stock exchange in the midst of global financial crises},
  author={Ehiedu, Victor C and Obi, KC},
  journal={International Journal of Academic Management Science Research (IJAMSR)},
  volume={6},
  number={8},
  pages={263--273},
  year={2022}
}
@inproceedings{malkiel2011efficient,
  title={The efficient-market hypothesis and the financial crisis},
  author={Malkiel, Burton G},
  booktitle={Rethinking finance: perspectives on the crisis (Proceedings of a conference). Russel Sage Foundation},
  year={2011}
}
@article{lachaari2021capital,
  title={Capital market based on blockchain technology and the efficient market hypothesis: theoretical and conceptual analysis},
  author={Lachaari, Mohamed and Benmahane, Mustapha},
  journal={International Journal of Business Performance Management},
  volume={22},
  number={2-3},
  pages={199--218},
  year={2021},
  publisher={Inderscience Publishers (IEL)}
}

@article{akinrinola2024predicting,
  title={Predicting stock market movements using neural networks: A review and application study},
  author={Akinrinola, Olatunji and Addy, Wilhelmina Afua and Ajayi-Nifise, Adeola Olusola and Odeyemi, Olubusola and Falaiye, Titilola},
  journal={GSC Advanced Research and Reviews},
  volume={18},
  number={2},
  pages={297--311},
  year={2024}
}
@article{satishbhai2025stock,
  title={Stock Price Prediction Using a Hybrid LSTM-GNN Model: Integrating Time-Series and Graph-Based Analysis},
  author={Satishbhai Sonani, Meet and Badii, Atta and Moin, Armin},
  journal={arXiv e-prints},
  pages={arXiv--2502},
  year={2025}
}
@article{alomar2024rnns,
  title={RNNs, CNNs and transformers in human action recognition: A survey and a hybrid model},
  author={Alomar, Khaled and Aysel, Halil Ibrahim and Cai, Xiaohao},
  journal={arXiv preprint arXiv:2407.06162},
  year={2024}
}

@inproceedings{bhavani2022comparative,
  title={Comparative analysis between LSTM and GRU in stock price prediction},
  author={Bhavani, A and Ramana, A Venkata and Chakravarthy, ASN},
  booktitle={2022 International Conference on Edge Computing and Applications (ICECAA)},
  pages={532--537},
  year={2022},
  organization={IEEE}
}
@inproceedings{karim2022stock,
  title={Stock price prediction using Bi-LSTM and GRU-based hybrid deep learning approach},
  author={Karim, Md Ebtidaul and Foysal, Md and Das, Sunanda},
  booktitle={Proceedings of Third Doctoral Symposium on Computational Intelligence: DoSCI 2022},
  pages={701--711},
  year={2022},
  organization={Springer}
}
@inproceedings{chavhan2024deep,
  title={Deep learning approaches for stock price prediction: A comparative study of LSTM, RNN, and GRU models},
  author={Chavhan, Suresh and Raj, Praveen and Raj, Prayas and Dutta, Ashit Kumar and Rodrigues, Joel JPC},
  booktitle={2024 9th International Conference on Smart and Sustainable Technologies (SpliTech)},
  pages={01--06},
  year={2024},
  organization={IEEE}
}

@article{refenes1994stock,
  title={Stock performance modeling using neural networks: a comparative study with regression models},
  author={Refenes, A. N. and Zapranis, A. and Francis, G.},
  journal={Neural Networks},
  volume={7},
  number={2},
  pages={375--388},
  year={1994}
}

@book{box2015time,
  title={Time Series Analysis: Forecasting and Control},
  author={Box, G. E. P. and Jenkins, G. M. and Reinsel, G. C. and Ljung, G. M.},
  year={2015},
  publisher={John Wiley \& Sons}
}

@article{makridakis2000m3,
  title={The M3-Competition: results, conclusions and implications},
  author={Makridakis, S. and Hibon, M.},
  journal={International Journal of Forecasting},
  volume={16},
  number={4},
  pages={451--476},
  year={2000}
}

@article{bollerslev1986generalized,
  title={Generalized autoregressive conditional heteroskedasticity},
  author={Bollerslev, T.},
  journal={Journal of Econometrics},
  volume={31},
  number={3},
  pages={307--327},
  year={1986}
}

@article{engle1982autoregressive,
  title={Autoregressive conditional heteroscedasticity with estimates of the variance of United Kingdom inflation},
  author={Engle, R. F.},
  journal={Econometrica},
  volume={50},
  number={4},
  pages={987--1007},
  year={1982}
}

@article{cortes1995support,
  title={Support-vector networks},
  author={Cortes, C. and Vapnik, V.},
  journal={Machine Learning},
  volume={20},
  number={3},
  pages={273--297},
  year={1995}
}

@article{huang2005forecasting,
  title={Forecasting stock market movement direction with support vector machine},
  author={Huang, W. and Nakamori, Y. and Wang, S.-Y.},
  journal={Computers \& Operations Research},
  volume={32},
  number={10},
  pages={2513--2522},
  year={2005}
}

@article{breiman2001random,
  title={Random forests},
  author={Breiman, L.},
  journal={Machine Learning},
  volume={45},
  number={1},
  pages={5--32},
  year={2001}
}

@article{kumar2016random,
  title={Random forest algorithm in machine learning},
  author={Kumar, P. N. K.},
  journal={International Journal of Advanced Research in Computer and Communication Engineering},
  volume={5},
  number={9},
  year={2016}
}

@article{elman1990finding,
  title={Finding structure in time},
  author={Elman, J. L.},
  journal={Cognitive Science},
  volume={14},
  number={2},
  pages={179--211},
  year={1990}
}

@article{bengio1994learning,
  title={Learning long-term dependencies with gradient descent is difficult},
  author={Bengio, Y. and Simard, P. and Frasconi, P.},
  journal={IEEE Transactions on Neural Networks},
  volume={5},
  number={2},
  pages={157--166},
  year={1994}
}

@article{hochreiter1997long,
  title={Long short-term memory},
  author={Hochreiter, S. and Schmidhuber, J.},
  journal={Neural Computation},
  volume={9},
  number={8},
  pages={1735--1780},
  year={1997}
}

@article{fischer2018deep,
  title={Deep learning with long short-term memory networks for financial market predictions},
  author={Fischer, T. and Krauss, C.},
  journal={European Journal of Operational Research},
  volume={270},
  number={2},
  pages={654--669},
  year={2018}
}

@article{moghar2020stock,
  title={Stock market prediction using LSTM recurrent neural network},
  author={Moghar, R. G. and Hamiche, M.},
  journal={Procedia Computer Science},
  volume={170},
  pages={1168--1173},
  year={2020}
}
@article{nguyen2022accurate,
  title={An Accurate Viewport Estimation Method for 360 Video Streaming using Deep Learning.},
  author={Nguyen, Hung and Dao, Thu Ngan and Pham, Ngoc Son and Dang, Tran Long and Nguyen, Trung Dung and Truong, Thu Huong},
  journal={EAI Endorsed Trans. Ind. Networks Intell. Syst.},
  volume={9},
  number={4},
  pages={e2},
  year={2022}
}
@article{cho2014learning,
  title={Learning phrase representations using RNN encoder-decoder for statistical machine translation},
  author={Cho, K. and Van Merri{\"e}nboer, B. and Gulcehre, C. and Bahdanau, D. and Bougares, F. and Schwenk, H. and Bengio, Y.},
  journal={arXiv preprint arXiv:1406.1078},
  year={2014}
}

@article{chung2014empirical,
  title={Empirical evaluation of gated recurrent neural networks on sequence modeling},
  author={Chung, J. and Gulcehre, C. and Cho, K. and Bengio, Y.},
  journal={arXiv preprint arXiv:1412.3555},
  year={2014}
}

@article{hoseinzade2019cnn,
  title={CNN-LSTM: A novel hybrid model for stock price prediction},
  author={Hoseinzade, S. S. and Haratizadeh, S.},
  journal={arXiv preprint arXiv:1909.08200},
  year={2019}
}

@inproceedings{vaswani2017attention,
  title={Attention is all you need},
  author={Vaswani, Ashish and Shazeer, Noam and Parmar, Niki and Uszkoreit, Jakob and Jones, Llion and Gomez, Aidan N and Kaiser, {\L}ukasz and Polosukhin, Illia},
  booktitle={Advances in neural information processing systems},
  pages={5998--6008},
  year={2017}
}

@article{kingma2014adam,
  title={Adam: A method for stochastic optimization},
  author={Kingma, Diederik P. and Ba, Jimmy},
  journal={arXiv preprint arXiv:1412.6980},
  year={2014}
}